@book{ everest2009master,
  title={ Master Handbook of Acoustics},
  author={Everest, F.A. and Pohlmann, K.},
  isbn={9780071603331},
  url={https://books.google.co.uk/books?id=6tiJ1cwnwxoC},
  year={2009},
  publisher={McGraw-Hill Education}
 }
